---
---

# ABTSradical absorption spectrum
@article{wang2019multi,
  title={Multi-wavelength spectrophotometric determination of hydrogen peroxide in water by oxidative coloration of ABTS via Fenton reaction},
  author={Wang, Mengyun and Wang, Daiyao and Qiu, Shiyi and Xiao, Junyang and Cai, Huahua and Zou, Jing},
  journal={Environmental Science and Pollution Research},
  volume={26},
  number={26},
  pages={27063--27072},
  year={2019},
  publisher={Springer}
}

# calibration uncertanty non linear
@article{hsu2010effect,
  title={The effect of calibration equations on the uncertainty of UV--Vis spectrophotometric measurements},
  author={Hsu, Kang-Hung and Chen, Chiachung},
  journal={Measurement},
  volume={43},
  number={10},
  pages={1525--1531},
  year={2010},
  publisher={Elsevier}
}

@article{perez2011python
,	title	= {Python: an ecosystem for scientific computing}
,	author	= {Perez, Fernando and Granger, Brian E and Hunter, John D}
,	journal	= {Computing in Science \\& Engineering}
,	volume	= {13}
,	number	= {2}
,	pages	= {13--21}
,	year	= {2011}
,	publisher	= {AIP Publishing}
}

#Enzml original
@article{pleiss2021standardized,
  title={Standardized Data, Scalable Documentation, Sustainable Storage--EnzymeML As A Basis For FAIR Data Management In Biocatalysis},
  author={Pleiss, J{\"u}rgen},
  journal={ChemCatChem},
  volume={13},
  number={18},
  pages={3909--3913},
  year={2021},
  publisher={Wiley Online Library}
}

# Chantal a-glucosidase
@article{daub2020fucoidan,
  title={Fucoidan from Ecklonia maxima is a powerful inhibitor of the diabetes-related enzyme, $\alpha$-glucosidase},
  author={Daub, Chantal D{\'e}sir{\'e}e and Mabate, Blessing and Malgas, Samkelo and Pletschke, Brett Ivan},
  journal={International journal of biological macromolecules},
  volume={151},
  pages={412--420},
  year={2020},
  publisher={Elsevier}
}

@article{li2008fucoidan,
  title={Fucoidan: structure and bioactivity},
  author={Li, Bo and Lu, Fei and Wei, Xinjun and Zhao, Ruixiang},
  journal={Molecules},
  volume={13},
  number={8},
  pages={1671--1695},
  year={2008},
  publisher={MDPI}
}
